@article{knuth84,
  author = {Knuth, Donald E.},
  title = {Literate Programming},
  year = {1984},
  issue_date = {May 1984},
  publisher = {Oxford University Press, Inc.},
  address = {USA},
  volume = {27},
  number = {2},
  issn = {0010-4620},
  url = {https://doi.org/10.1093/comjnl/27.2.97},
  doi = {10.1093/comjnl/27.2.97},
  journal = {Comput. J.},
  month = may,
  pages = {97–111},
  numpages = {15}
}

@incollection{REES2020239,
title = {Demography},
editor = {Audrey Kobayashi},
booktitle = {International Encyclopedia of Human Geography (Second Edition)},
publisher = {Elsevier},
edition = {Second Edition},
address = {Oxford},
pages = {239-256},
year = {2020},
isbn = {978-0-08-102296-2},
doi = {https://doi.org/10.1016/B978-0-08-102295-5.10252-5},
url = {https://www.sciencedirect.com/science/article/pii/B9780081022955102525},
author = {Philip Rees},
keywords = {Cohort replacement, Components of change, Demographic metabolism, Demographic transitions, Fertility measures and trends, Internal migration measures and trends, International migration measures and trends, Life table models, Mortality measures and trends, Population accounting models, Population aging, Population characteristics, Population projection models, Projection uncertainty},
abstract = {Demography comprises concepts and techniques for studying human populations. Demographic techniques measure rates of birth, death, internal and international migration, classified by age and sex. Demographic models analyze different regimes of population change for past and future population structures, defined mathematically and applied numerically to measure or project population change. Examples include the life table and the cohort–component projection model, which can be used with single or multiple populations. To account for historical changes in demographic components, theories have been proposed to explain how and why demographic regimes change. The past century has seen the first demographic transition, which accounts for a process whereby population mortality, fertility, and growth rates fall dramatically. The second demographic transition involves the persistence of below-replacement fertility in developed societies. The third demographic transition occurs when prolonged low fertility leads to population aging, resulting in gaps in labor supply, which are filled by immigration. Demography in geography covers population definitions and characteristics, formal models, sources of population data, processes of demographic change and associated indicators, models for projecting the population, and implications for societies across the globe. Most demographic analysis examines countries; some investigates spatial variations within countries, at regional, local, or neighborhood scale.}
}

@article{maccio1985diccionario,
  title={Diccionario demogr{\'a}fico multilingue},
  author={Macci{\'o}, Guillermo A and Centro Latinoamericano de Demografia, Santiago and others},
  year={1985},
  publisher={Liege (Belgium) CELADE}
}

@article{wilson2021brief,
  title={A brief guide to producing a national population projection},
  author={Wilson, Tom and Rees, Philip},
  journal={Australian Population Studies},
  volume={5},
  number={1},
  pages={77--100},
  year={2021}
}

@article{sarrible2009teoria,
  title={Teor{\'\i}a de la poblaci{\'o}n},
  author={Sarrible, Graciela},
  year={2009},
  publisher={Edicions de la Universitat de Barcelona}
}

@article{INEC_conceptos ,
  author={{INEC}},
  title={Indicadores demográficos 2019 }, 
  year={2020},
  publisher={INEC}
}

@book{ brownlee ,
  title={{Introduction to time series forcasting with Python }},
  author={Brownlee, Jason },
  year={2020},
  publisher={eBook}
}






@misc{INEC_base,
  author = {{ INEC}},
  title = {{Estadísticas demográficas. 1950-2020. Principales Indicadores Demográficos}},
  year = {2021},
  url = {{https://www.inec.go.cr/documento/estadisticas-demograficas-1950-2020-principales-indicadores-demograficos}}
}


@book{wickham2016r,
  title={R for data science: import, tidy, transform, visualize, and model data},
  author={Wickham, Hadley and Grolemund, Garrett},
  year={2016},
  publisher={" O'Reilly Media, Inc."}
}



@article{adekambi,
  title={Demographic Time Series Modelling of Total Deaths
in Nigeria},
  author={Adekanmbi, D and Ayoola, F and Idowu, A},
  journal={Population Association of Southern Africa},
  volume={15},
  number={1},
  pages={21--48 },
  year={2014}
}



@article{ordorika,
  title={Pronóstico de las defunciones por medio de los modelos autorregresivos integrados de promedios móviles},
  author={Ordorica, Manuel},
  journal={249--264},
  volume={10},
  number={42},
  pages={21--48 },
  year={2004}
}



@article{optimalDLM ,
  title={Determining optimal architecture for dynamic linear models in time serires applications}, 
   author={Mary, Kathleen},
  year={2006},
  publisher={University of North Carolina Wilmington}
}



@book{petrisDLM,
  title={Dynamic Linear Models with R},
  author={Petris,  Giovanni  and Petrone, Sonia, and Campagnoli Patrizia},
  year={2007},
  publisher={Springer}
}


@article{rosero2016situacion,
  title={{La situaci{\'o}n demogr{\'a}fica en Costa Rica}},
  author={Rosero-Bixby, Luis},
  journal={{Poblaci{\'o}n y Salud en Mesoam{\'e}rica}},
  volume={13},
  number={2},
  pages={237--311},
  year={2016},
  publisher={http://creativecommons. org/licenses/by/3.0}
}


@article{rosero2004situacion,
  title={Situaci{\'o}n demogr{\'a}fica general de Costa Rica},
  author={Rosero-Bixby, Luis},
  year={2004},
  publisher={Academia de Centroam{\'e}rica}
}


@article{mariscal2018tres,
  title={Tres teor{\'\i}as demogr{\'a}ficas, las evidencias disponibles y el paso de la descripci{\'o}n del c{\'o}mo al entendimiento del porqu{\'e}: Una aplicaci{\'o}n y una cr{\'\i}tica de tres hip{\'o}tesis poblacionales en base a los casos de Espa{\~n}a y de la India (1950-2020)},
  author={Mariscal de Gante, {\'A}lvaro and Rodr{\'\i}guez, V{\'\i}ctor},
  year={2018}
}

@article{alcalde2010teoria,
  title={La teor{\'\i}a de la transici{\'o}n demogr{\'a}fica: recursos did{\'a}cticos},
  author={Alcalde, Felipe Pizarro},
  journal={Ense{\~n}anza de las ciencias sociales: revista de investigaci{\'o}n},
  pages={129--137},
  year={2010}
}
@article{bruno2019analisis,
  title={An{\'a}lisis del crecimiento y proyecci{\'o}n poblacional del distrito Chulucanas, 2017-2025},
  author={Bruno Ram{\'\i}rez, Xenia Stefany},
  year={2019},
  publisher={Universidad Nacional de Piura}
}

@article{petris2010r,
  title={An R package for dynamic linear models},
  author={Petris, Giovanni},
  journal={Journal of statistical software},
  volume={36},
  pages={1--16},
  year={2010}
}


@article{aguilar2013estimacion,
  title={Estimaci{\'o}n y proyecci{\'o}n de la mortalidad para Costa Rica con la aplicaci{\'o}n del m{\'e}todo Lee-Carter con dos variantes= Fitting and forecasting mortality for Costa Rica applying the Lee-Carter method with two variants},
  author={Aguilar Fern{\'a}ndez, Eduardo},
  year={2013},
  publisher={Centro Centroamericano de Poblaci{\'o}n}
}

@article{INEC_proyecciones ,
  author={{INEC}},
  title={Estimaciones y Proyecciones
de Población por sexo y edad 1950 - 2050}, 
  year={2013},
  publisher={INEC}
}

@misc{CCPconcepts,
  author = {{ Centro Centroamericano de Población}},
  title = {{Glosario}},
  year = {2003},
  url = {{https://ccp.ucr.ac.cr/cursos/demografia_03/glosario.html}}
}
